@article{minsky2003set,
  title={Set reconciliation with nearly optimal communication complexity},
  author={Minsky, Yaron and Trachtenberg, Ari and Zippel, Richard},
  journal={IEEE Transactions on Information Theory},
  volume={49},
  number={9},
  pages={2213--2218},
  year={2003},
  publisher={IEEE}
}

@inproceedings{minsky2002practical,
  title={Practical set reconciliation},
  author={Minsky, Yaron and Trachtenberg, Ari},
  booktitle={40th Annual Allerton Conference on Communication, Control, and Computing},
  volume={248},
  year={2002},
  organization={Citeseer}
}

@article{eppstein2011s,
  title={What's the difference? Efficient set reconciliation without prior context},
  author={Eppstein, David and Goodrich, Michael T and Uyeda, Frank and Varghese, George},
  journal={ACM SIGCOMM Computer Communication Review},
  volume={41},
  number={4},
  pages={218--229},
  year={2011},
  publisher={ACM New York, NY, USA}
}

@incollection{ozisik2019graphene,
  title={Graphene: efficient interactive set reconciliation applied to blockchain propagation},
  author={Ozisik, A Pinar and Andresen, Gavin and Levine, Brian N and Tapp, Darren and Bissias, George and Katkuri, Sunny},
  booktitle={Proceedings of the ACM Special Interest Group on Data Communication},
  pages={303--317},
  year={2019}
}

@article{shang2017survey,
  title={A survey of distributed dataset synchronization in Named Data Networking},
  author={Shang, Wentao and Yu, Yingdi and Wang, Lijing and Afanasyev, Alexander and Zhang, Lixia},
  journal={NDN, Technical Report NDN-0053},
  year={2017}
}

@inproceedings{tarr2019secure,
  title={Secure scuttlebutt: An identity-centric protocol for subjective and decentralized applications},
  author={Tarr, Dominic and Lavoie, Erick and Meyer, Aljoscha and Tschudin, Christian},
  booktitle={Proceedings of the 6th ACM Conference on Information-Centric Networking},
  pages={1--11},
  year={2019}
}

@article{tridgell1996rsync,
  title={The rsync algorithm},
  author={Tridgell, Andrew and Mackerras, Paul and others},
  year={1996},
  publisher={The Australian National University}
}

@book{chacon2014pro,
  title={Pro git},
  author={Chacon, Scott and Straub, Ben},
  year={2014},
  publisher={Springer Nature}
}

@inproceedings{merkle1989certified,
  title={A certified digital signature},
  author={Merkle, Ralph C},
  booktitle={Conference on the Theory and Application of Cryptology},
  pages={218--238},
  year={1989},
  organization={Springer}
}

@INPROCEEDINGS {uniquerepresentation,
author = {L. Snyder},
booktitle = {2013 IEEE 54th Annual Symposium on Foundations of Computer Science},
title = {On uniquely represented data strauctures},
year = {1977},
volume = {},
issn = {0272-5428},
pages = {142-146},
keywords = {},
doi = {10.1109/SFCS.1977.22},
url = {https://doi.ieeecomputersociety.org/10.1109/SFCS.1977.22},
publisher = {IEEE Computer Society},
address = {Los Alamitos, CA, USA},
month = {oct}
}

@article{fenwick1994new,
  title={A new data structure for cumulative frequency tables},
  author={Fenwick, Peter M},
  journal={Software: Practice and experience},
  volume={24},
  number={3},
  pages={327--336},
  year={1994},
  publisher={Wiley Online Library}
}

@inproceedings{nissim1998certificate,
  title={Certificate Revocation and Certificate Update.},
  author={Nissim, Kobbi and Naor, Moni},
  booktitle={USENIX Security Symposium},
  year={1998},
  organization={Citeseer}
}
