@article{minsky2003set,
  title={Set reconciliation with nearly optimal communication complexity},
  author={Minsky, Yaron and Trachtenberg, Ari and Zippel, Richard},
  journal={IEEE Transactions on Information Theory},
  volume={49},
  number={9},
  pages={2213--2218},
  year={2003},
  publisher={IEEE}
}

@inproceedings{minsky2002practical,
  title={Practical set reconciliation},
  author={Minsky, Yaron and Trachtenberg, Ari},
  booktitle={40th Annual Allerton Conference on Communication, Control, and Computing},
  volume={248},
  year={2002},
  organization={Citeseer}
}

@article{eppstein2011s,
  title={What's the difference? Efficient set reconciliation without prior context},
  author={Eppstein, David and Goodrich, Michael T and Uyeda, Frank and Varghese, George},
  journal={ACM SIGCOMM Computer Communication Review},
  volume={41},
  number={4},
  pages={218--229},
  year={2011},
  publisher={ACM New York, NY, USA}
}

@incollection{ozisik2019graphene,
  title={Graphene: efficient interactive set reconciliation applied to blockchain propagation},
  author={Ozisik, A Pinar and Andresen, Gavin and Levine, Brian N and Tapp, Darren and Bissias, George and Katkuri, Sunny},
  booktitle={Proceedings of the ACM Special Interest Group on Data Communication},
  pages={303--317},
  year={2019}
}

@article{shang2017survey,
  title={A survey of distributed dataset synchronization in Named Data Networking},
  author={Shang, Wentao and Yu, Yingdi and Wang, Lijing and Afanasyev, Alexander and Zhang, Lixia},
  journal={NDN, Technical Report NDN-0053},
  year={2017}
}

@inproceedings{tarr2019secure,
  title={Secure scuttlebutt: An identity-centric protocol for subjective and decentralized applications},
  author={Tarr, Dominic and Lavoie, Erick and Meyer, Aljoscha and Tschudin, Christian},
  booktitle={Proceedings of the 6th ACM Conference on Information-Centric Networking},
  pages={1--11},
  year={2019}
}

@article{tridgell1996rsync,
  title={The rsync algorithm},
  author={Tridgell, Andrew and Mackerras, Paul and others},
  year={1996},
  publisher={The Australian National University}
}
